
@online{winnt,
	title={CMOS Imaging Technology with Embedded Early Image
	Processing},
	author={Christophe J.B.},
	isbn={9781417642595},
	url={https://www.vision.caltech.edu/publications/phdthesis_bassett.pdf},
	year={2007},
	publisher={California Institute of Technology}
}

@online{
	ref1,
	title={www.coppeliarobotics.com/helpFiles/en/visionSensorDescription.htm}
	}

@online{
	ref2,
	title={www.blog.robotiq.com/bid/72633/7-Types-of-Industrial-Robot-Sensors}
}

@online{
	ref3,
	title={www.bannerengineering.com}
}

@online{
	ref4,
	title={http://www.edmundoptics.com/resources/application-notes/imaging/understanding-camera-sensors-for-machine-vision-applications/}
}